<?xml version="1.0" encoding="UTF-8"?><collection xmlns="http://www.loc.gov/MARC21/slim"><record><leader>00499nam--2200181-u-4500</leader><controlfield tag="001">000055978</controlfield><controlfield tag="002">20161230</controlfield><controlfield tag="005">20161230201052</controlfield><controlfield tag="008">131001s1000------------r-----000-0-eng-d</controlfield><datafield ind1=" " ind2=" " tag="020"><subfield code="a">9789400761247</subfield></datafield><datafield ind1=" " ind2=" " tag="040"><subfield code="a">IFIN-HH</subfield></datafield><datafield ind1="1" ind2=" " tag="100"><subfield code="a">Macchi, Andreea</subfield></datafield><datafield ind1="1" ind2="0" tag="245"><subfield code="a">A superintense laser-plasma interaction theory primer</subfield><subfield code="c">Andreea macchi</subfield></datafield><datafield ind1=" " ind2=" " tag="260"><subfield code="a">Dordrecht</subfield><subfield code="b">Springer</subfield><subfield code="c">2013</subfield></datafield><datafield ind1=" " ind2=" " tag="300"><subfield code="a">VIII+114P</subfield></datafield><datafield ind1=" " ind2=" " tag="490"><subfield code="a">Springer Briefs In Physics</subfield></datafield><datafield ind1=" " ind2=" " tag="852"><subfield code="a">82366</subfield><subfield code="c">533.9</subfield></datafield><datafield ind1=" " ind2=" " tag="CAT"><subfield code="a">Sys</subfield><subfield code="c">20131111</subfield><subfield code="h">110100</subfield></datafield></record></collection>